/Users/alfred/Dropbox/bib/library.bib