/Users/alfred/Dropbox/bib/N1PAS.bib